<collection xmlns="http://www.loc.gov/MARC21/slim">
<record>
  <leader>03409nam0a2200553 i 450 </leader>
  <controlfield tag="001">IT\ICCU\CNCE\018705</controlfield>
  <controlfield tag="005">20141022000000.0</controlfield>
  <datafield tag="012" ind1=" " ind2=" ">
    <subfield code="a">s-a, c.do oigi uoso (3) 1570 (R)</subfield>
    <subfield code="2">fei</subfield>
  </datafield>
  <datafield tag="100" ind1=" " ind2=" ">
    <subfield code="a">19970101d1570        0itac0103    ba</subfield>
  </datafield>
  <datafield tag="101" ind1=" " ind2=" ">
    <subfield code="a">ITA</subfield>
  </datafield>
  <datafield tag="102" ind1=" " ind2=" ">
    <subfield code="a">IT</subfield>
  </datafield>
  <datafield tag="200" ind1="1" ind2=" ">
    <subfield code="a">℗L&apos;℗arithmetica et geometria speculatiua et praticale. Di m. Francesco Feliciano da Lazisio veronese, intitolata Scala grimaldelli, nuouamente posta in luce. Opera molto utile &amp; necessaria a mercanti &amp; a tutti i nobili &amp; suegliati ingegni</subfield>
  </datafield>
  <datafield tag="210" ind1=" " ind2=" ">
    <subfield code="a">In Venetia</subfield>
    <subfield code="c">appresso Simon Rocca</subfield>
    <subfield code="d">1570</subfield>
    <subfield code="e">In Venetia</subfield>
    <subfield code="g">per Francesco de Leno</subfield>
    <subfield code="g">ad instantia de Simon Rocha</subfield>
    <subfield code="h">1570</subfield>
  </datafield>
  <datafield tag="215" ind1=" " ind2=" ">
    <subfield code="a">\4!, 79, \1! c.</subfield>
    <subfield code="c">ill.</subfield>
    <subfield code="d">4ʻ</subfield>
  </datafield>
  <datafield tag="300" ind1=" " ind2=" ">
    <subfield code="a">Var. B: (In Venetia : per Franeesco \!! de Leno : ad istantia de Simon Rocha, 1570)</subfield>
  </datafield>
  <datafield tag="620" ind1=" " ind2=" ">
    <subfield code="a">IT</subfield>
    <subfield code="d">Venezia</subfield>
  </datafield>
  <datafield tag="700" ind1=" " ind2="1">
    <subfield code="a">Feliciano,</subfield>
    <subfield code="b">Francesco</subfield>
    <subfield code="3">IT\ICCU\CNCA\005301</subfield>
  </datafield>
  <datafield tag="712" ind1="0" ind2="0">
    <subfield code="a">Rocca, Simone</subfield>
    <subfield code="3">IT\ICCU\CNCT\001126</subfield>
    <subfield code="4">650</subfield>
  </datafield>
  <datafield tag="712" ind1="0" ind2="0">
    <subfield code="a">Di_Leno, Francesco</subfield>
    <subfield code="3">IT\ICCU\CNCT\002847</subfield>
    <subfield code="4">650</subfield>
  </datafield>
  <datafield tag="790" ind1=" " ind2="1">
    <subfield code="a">De_Scolari,</subfield>
    <subfield code="b">Francesco Feliciano</subfield>
    <subfield code="3">IT\ICCU\CNCA\017108</subfield>
    <subfield code="z">Feliciano, Francesco</subfield>
  </datafield>
  <datafield tag="790" ind1=" " ind2="0">
    <subfield code="a">Francesco</subfield>
    <subfield code="c"> : da#Lazesio</subfield>
    <subfield code="3">IT\ICCU\CNCA\017109</subfield>
    <subfield code="z">Feliciano, Francesco</subfield>
  </datafield>
  <datafield tag="791" ind1="0" ind2="0">
    <subfield code="a">Rocha, Simon</subfield>
    <subfield code="3">IT\ICCU\CNCT\005385</subfield>
    <subfield code="z">Rocca, Simone</subfield>
  </datafield>
  <datafield tag="791" ind1="0" ind2="2">
    <subfield code="a">Francesco di Leno</subfield>
    <subfield code="3">IT\ICCU\CNCT\000241</subfield>
    <subfield code="z">Di_Leno, Francesco</subfield>
  </datafield>
  <datafield tag="791" ind1="0" ind2="0">
    <subfield code="a">Leno, Francesco de</subfield>
    <subfield code="3">IT\ICCU\CNCT\002848</subfield>
    <subfield code="z">Di_Leno, Francesco</subfield>
  </datafield>
  <datafield tag="791" ind1="0" ind2="0">
    <subfield code="a">Leniis, Franciscus de</subfield>
    <subfield code="3">IT\ICCU\CNCT\004698</subfield>
    <subfield code="z">Di_Leno, Francesco</subfield>
  </datafield>
  <datafield tag="791" ind1="0" ind2="0">
    <subfield code="a">Lenus, Franciscus</subfield>
    <subfield code="3">IT\ICCU\CNCT\004699</subfield>
    <subfield code="z">Di_Leno, Francesco</subfield>
  </datafield>
  <datafield tag="791" ind1="0" ind2="0">
    <subfield code="a">Aleni, Francesco</subfield>
    <subfield code="3">IT\ICCU\CNCT\006388</subfield>
    <subfield code="z">Di_Leno, Francesco</subfield>
  </datafield>
  <datafield tag="801" ind1=" " ind2="3">
    <subfield code="a">IT</subfield>
    <subfield code="b">ICCU</subfield>
    <subfield code="c">20201114</subfield>
  </datafield>
  <datafield tag="899" ind1=" " ind2=" ">
    <subfield code="a">Biblioteca citt ̉di Arezzo. Arezzo</subfield>
    <subfield code="z">(VAR.A)</subfield>
    <subfield code="1">AR0070</subfield>
    <subfield code="2">RT1 QA</subfield>
  </datafield>
  <datafield tag="899" ind1=" " ind2=" ">
    <subfield code="a">Biblioteca dell&apos;Istituto e museo di storia della scienza. Firenze</subfield>
    <subfield code="z">(VAR.A)</subfield>
    <subfield code="1">FI0029</subfield>
    <subfield code="2">RT1 QZ</subfield>
  </datafield>
  <datafield tag="899" ind1=" " ind2=" ">
    <subfield code="a">Archivio storico civico e Biblioteca Trivulziana. Milano</subfield>
    <subfield code="1">MI0327</subfield>
    <subfield code="2">LO1 13</subfield>
  </datafield>
  <datafield tag="899" ind1=" " ind2=" ">
    <subfield code="a">Biblioteca del Museo nazionale della scienza e della tecnologia Leonardo da Vinci. Milano</subfield>
    <subfield code="1">MI0338</subfield>
    <subfield code="2">ZMI 13</subfield>
  </datafield>
  <datafield tag="899" ind1=" " ind2=" ">
    <subfield code="a">Biblioteca comunale Teresiana. Mantova</subfield>
    <subfield code="z">(VAR.A)</subfield>
    <subfield code="1">MN0035</subfield>
    <subfield code="2">LO1 12</subfield>
  </datafield>
  <datafield tag="899" ind1=" " ind2=" ">
    <subfield code="a">Biblioteca Estense Universitaria. Modena</subfield>
    <subfield code="z">MUTILO</subfield>
    <subfield code="1">MO0089</subfield>
    <subfield code="2">MOD BE</subfield>
  </datafield>
  <datafield tag="899" ind1=" " ind2=" ">
    <subfield code="a">Biblioteca universitaria. Padova</subfield>
    <subfield code="z">(VAR.B)</subfield>
    <subfield code="1">PD0158</subfield>
    <subfield code="2">PUV 00</subfield>
  </datafield>
  <datafield tag="899" ind1=" " ind2=" ">
    <subfield code="a">Biblioteca comunale Sperelliana. Gubbio</subfield>
    <subfield code="1">PG0049</subfield>
    <subfield code="2">UM1 11</subfield>
  </datafield>
  <datafield tag="899" ind1=" " ind2=" ">
    <subfield code="a">Biblioteca Porziuncola. Assisi</subfield>
    <subfield code="1">PG0179</subfield>
    <subfield code="2">UM1 36</subfield>
  </datafield>
  <datafield tag="899" ind1=" " ind2=" ">
    <subfield code="a">Istituto culturale e di documentazione Lazzerini. Prato</subfield>
    <subfield code="1">PO0002</subfield>
    <subfield code="2">RT1 DA</subfield>
  </datafield>
  <datafield tag="899" ind1=" " ind2=" ">
    <subfield code="a">Biblioteca Oliveriana. Pesaro</subfield>
    <subfield code="z">(VAR.A)</subfield>
    <subfield code="1">PU0061</subfield>
    <subfield code="2">URB OL</subfield>
  </datafield>
  <datafield tag="899" ind1=" " ind2=" ">
    <subfield code="a">Biblioteca comunale Classense. Ravenna</subfield>
    <subfield code="1">RA0036</subfield>
    <subfield code="2">RAV CL</subfield>
  </datafield>
  <datafield tag="899" ind1=" " ind2=" ">
    <subfield code="a">Biblioteca Maldotti. Guastalla</subfield>
    <subfield code="z">MUTILO</subfield>
    <subfield code="1">RE0036</subfield>
    <subfield code="2">REA MA</subfield>
  </datafield>
  <datafield tag="899" ind1=" " ind2=" ">
    <subfield code="a">Biblioteca nazionale centrale. Roma</subfield>
    <subfield code="z">(VAR.B)</subfield>
    <subfield code="1">RM0267</subfield>
    <subfield code="2">BVE CR</subfield>
  </datafield>
  <datafield tag="899" ind1=" " ind2=" ">
    <subfield code="a">Biblioteca Casanatense. Roma</subfield>
    <subfield code="1">RM0313</subfield>
    <subfield code="2">RML 07</subfield>
  </datafield>
  <datafield tag="899" ind1=" " ind2=" ">
    <subfield code="a">Biblioteca del Dipartimento di matematica Guido Castelnuovo dell&apos;Universit ̉degli studi di Roma La Sapienza. Roma</subfield>
    <subfield code="1">RM1186</subfield>
    <subfield code="2">RMS 45</subfield>
  </datafield>
  <datafield tag="899" ind1=" " ind2=" ">
    <subfield code="a">Biblioteca del Dipartimento di matematica Giuseppe Peano dell&apos;Universita&apos; degli studi. Torino</subfield>
    <subfield code="1">TO0650</subfield>
    <subfield code="2">UTO 05</subfield>
  </datafield>
  <datafield tag="899" ind1=" " ind2=" ">
    <subfield code="a">Biblioteca nazionale Marciana. Venezia</subfield>
    <subfield code="z">MUTILO</subfield>
    <subfield code="1">VE0049</subfield>
    <subfield code="2">VEA BM</subfield>
  </datafield>
  <datafield tag="899" ind1=" " ind2=" ">
    <subfield code="a">Biblioteca civica. Verona</subfield>
    <subfield code="z">(VAR.A)</subfield>
    <subfield code="1">VR0059</subfield>
    <subfield code="2">ZVR 02</subfield>
  </datafield>
  <datafield tag="911" ind1=" " ind2=" ">
    <subfield code="a">Sul front.</subfield>
    <subfield code="9">IT\ICCU\CNCM\001061</subfield>
  </datafield>
  <datafield tag="921" ind1=" " ind2=" ">
    <subfield code="a">IT\ICCU\CNCM\001061</subfield>
    <subfield code="b">Castello</subfield>
    <subfield code="e">Nec vi, nec metu</subfield>
    <subfield code="c">U119</subfield>
    <subfield code="d">Dimensioni: 5 x 5,8</subfield>
    <subfield code="f">CASTELLO</subfield>
    <subfield code="f">NECVINECME</subfield>
    <subfield code="g">1568-1598</subfield>
  </datafield>
</record>
</collection>
